@book{gonzalez2018digital,
  title={Digital Image Processing},
  author={Gonzalez, Rafael C and Woods, Richard E},
  year={2018},
  publisher={Pearson}
}

@book{jain1989fundamentals,
  title={Fundamentals of Digital Image Processing},
  author={Jain, Anil K},
  year={1989},
  publisher={Prentice-Hall}
}

@book{solomon2011fundamentals,
  title={Fundamentals of Digital Image Processing: A Practical Approach with Examples in MATLAB},
  author={Solomon, Chris and Breckon, Toby},
  year={2011},
  publisher={Wiley-Blackwell}
}

@article{buades2005non,
  title={A Non-local Algorithm for Image Denoising},
  author={Buades, Antoni and Coll, Bartomeu and Morel, Jean-Michel},
  journal={IEEE Computer Society Conference on Computer Vision and Pattern Recognition},
  volume={2},
  pages={60--65},
  year={2005}
}

@article{pizer1987adaptive,
  title={Adaptive Histogram Equalization and Its Variations},
  author={Pizer, Stephen M and Amburn, E Philip and Austin, John D and Cromartie, Robert and Geselowitz, Ari and Greer, Trey and ter Haar Romeny, Bart and Zimmerman, John B and Zuiderveld, Karel},
  journal={Computer Vision, Graphics, and Image Processing},
  volume={39},
  number={3},
  pages={355--368},
  year={1987},
  publisher={Elsevier}
}

@book{pratt2007digital,
  title={Digital Image Processing},
  author={Pratt, William K},
  year={2007},
  publisher={Wiley-Interscience}
}

@book{hartley2003multiple,
  title={Multiple View Geometry in Computer Vision},
  author={Hartley, Richard and Zisserman, Andrew},
  year={2003},
  publisher={Cambridge University Press}
}

@article{canny1986computational,
  title={A Computational Approach to Edge Detection},
  author={Canny, John},
  journal={IEEE Transactions on Pattern Analysis and Machine Intelligence},
  volume={8},
  number={6},
  pages={679--698},
  year={1986},
  publisher={IEEE}
}

@article{lowe2004distinctive,
  title={Distinctive Image Features from Scale-Invariant Keypoints},
  author={Lowe, David G},
  journal={International Journal of Computer Vision},
  volume={60},
  number={2},
  pages={91--110},
  year={2004},
  publisher={Springer}
}

@article{lindeberg1998feature,
  title={Feature Detection with Automatic Scale Selection},
  author={Lindeberg, Tony},
  journal={International Journal of Computer Vision},
  volume={30},
  number={2},
  pages={79--116},
  year={1998},
  publisher={Springer}
}

@article{haralick1973textural,
  title={Textural Features for Image Classification},
  author={Haralick, Robert M and Shanmugam, Karthikeyan and Dinstein, Its'hak},
  journal={IEEE Transactions on Systems, Man, and Cybernetics},
  volume={3},
  number={6},
  pages={610--621},
  year={1973},
  publisher={IEEE}
}

@article{bay2008speeded,
  title={Speeded-Up Robust Features (SURF)},
  author={Bay, Herbert and Ess, Andreas and Tuytelaars, Tinne and Van Gool, Luc},
  journal={Computer Vision and Image Understanding},
  volume={110},
  number={3},
  pages={346--359},
  year={2008},
  publisher={Elsevier}
}

@inproceedings{dalal2005histograms,
  title={Histograms of Oriented Gradients for Human Detection},
  author={Dalal, Navneet and Triggs, Bill},
  booktitle={IEEE Computer Society Conference on Computer Vision and Pattern Recognition},
  volume={1},
  pages={886--893},
  year={2005},
  organization={IEEE}
}

@article{ojala2002multiresolution,
  title={Multiresolution Gray-Scale and Rotation Invariant Texture Classification with Local Binary Patterns},
  author={Ojala, Timo and Pietikainen, Matti and Maenpaa, Topi},
  journal={IEEE Transactions on Pattern Analysis and Machine Intelligence},
  volume={24},
  number={7},
  pages={971--987},
  year={2002},
  publisher={IEEE}
}

@article{cortes1995support,
  title={Support-Vector Networks},
  author={Cortes, Corinna and Vapnik, Vladimir},
  journal={Machine Learning},
  volume={20},
  number={3},
  pages={273--297},
  year={1995},
  publisher={Springer}
}

@article{breiman2001random,
  title={Random Forests},
  author={Breiman, Leo},
  journal={Machine Learning},
  volume={45},
  number={1},
  pages={5--32},
  year={2001},
  publisher={Springer}
}

@article{cover1967nearest,
  title={Nearest Neighbor Pattern Classification},
  author={Cover, Thomas and Hart, Peter},
  journal={IEEE Transactions on Information Theory},
  volume={13},
  number={1},
  pages={21--27},
  year={1967},
  publisher={IEEE}
}

@book{bishop2006pattern,
  title={Pattern Recognition and Machine Learning},
  author={Bishop, Christopher M},
  year={2006},
  publisher={Springer}
}

@article{wold1987principal,
  title={Principal Component Analysis},
  author={Wold, Svante and Esbensen, Kim and Geladi, Paul},
  journal={Chemometrics and Intelligent Laboratory Systems},
  volume={2},
  number={1-3},
  pages={37--52},
  year={1987},
  publisher={Elsevier}
}

@book{szeliski2010computer,
  title={Computer Vision: Algorithms and Applications},
  author={Szeliski, Richard},
  year={2010},
  publisher={Springer}
}

@article{otsu1979threshold,
  title={A Threshold Selection Method from Gray-Level Histograms},
  author={Otsu, Nobuyuki},
  journal={IEEE Transactions on Systems, Man, and Cybernetics},
  volume={9},
  number={1},
  pages={62--66},
  year={1979},
  publisher={IEEE}
}

@article{adams1994seeded,
  title={Seeded Region Growing},
  author={Adams, Rolf and Bischof, Leanne},
  journal={IEEE Transactions on Pattern Analysis and Machine Intelligence},
  volume={16},
  number={6},
  pages={641--647},
  year={1994},
  publisher={IEEE}
}

@article{comaniciu2002mean,
  title={Mean Shift: A Robust Approach Toward Feature Space Analysis},
  author={Comaniciu, Dorin and Meer, Peter},
  journal={IEEE Transactions on Pattern Analysis and Machine Intelligence},
  volume={24},
  number={5},
  pages={603--619},
  year={2002},
  publisher={IEEE}
}

@inproceedings{boykov2001interactive,
  title={Interactive Graph Cuts for Optimal Boundary \& Region Segmentation of Objects in N-D Images},
  author={Boykov, Yuri Y and Jolly, Marie-Pierre},
  booktitle={IEEE International Conference on Computer Vision},
  volume={1},
  pages={105--112},
  year={2001},
  organization={IEEE}
}

@article{beucher1993morphological,
  title={The Morphological Approach to Segmentation: The Watershed Transformation},
  author={Beucher, Serge and Meyer, Fernand},
  journal={Mathematical Morphology in Image Processing},
  volume={34},
  pages={433--481},
  year={1993},
  publisher={Marcel Dekker}
}

@article{pal1993review,
  title={A Review on Image Segmentation Techniques},
  author={Pal, Nikhil R and Pal, Sankar K},
  journal={Pattern Recognition},
  volume={26},
  number={9},
  pages={1277--1294},
  year={1993},
  publisher={Elsevier}
}

@inproceedings{viola2001rapid,
  title={Rapid Object Detection Using a Boosted Cascade of Simple Features},
  author={Viola, Paul and Jones, Michael},
  booktitle={IEEE Computer Society Conference on Computer Vision and Pattern Recognition},
  volume={1},
  pages={511--518},
  year={2001},
  organization={IEEE}
}

@article{felzenszwalb2009object,
  title={Object Detection with Discriminatively Trained Part-Based Models},
  author={Felzenszwalb, Pedro F and Girshick, Ross B and McAllester, David and Ramanan, Deva},
  journal={IEEE Transactions on Pattern Analysis and Machine Intelligence},
  volume={32},
  number={9},
  pages={1627--1645},
  year={2009},
  publisher={IEEE}
}

@inproceedings{csurka2004visual,
  title={Visual Categorization with Bags of Keypoints},
  author={Csurka, Gabriella and Dance, Christopher R and Fan, Lixin and Willamowski, Jutta and Bray, Cedric},
  booktitle={Workshop on Statistical Learning in Computer Vision, ECCV},
  volume={1},
  number={1-22},
  pages={1--2},
  year={2004}
}

@article{zhao2019object,
  title={Object Detection with Deep Learning: A Review},
  author={Zhao, Zhong-Qiu and Zheng, Peng and Xu, Shou-tao and Wu, Xindong},
  journal={IEEE Transactions on Neural Networks and Learning Systems},
  volume={30},
  number={11},
  pages={3212--3232},
  year={2019},
  publisher={IEEE}
}

@inproceedings{krizhevsky2012imagenet,
  title={ImageNet Classification with Deep Convolutional Neural Networks},
  author={Krizhevsky, Alex and Sutskever, Ilya and Hinton, Geoffrey E},
  booktitle={Advances in Neural Information Processing Systems},
  pages={1097--1105},
  year={2012}
}

@article{lecun1998gradient,
  title={Gradient-based Learning Applied to Document Recognition},
  author={LeCun, Yann and Bottou, L{\'e}on and Bengio, Yoshua and Haffner, Patrick},
  journal={Proceedings of the IEEE},
  volume={86},
  number={11},
  pages={2278--2324},
  year={1998},
  publisher={IEEE}
}

@inproceedings{boureau2010theoretical,
  title={A Theoretical Analysis of Feature Pooling in Visual Recognition},
  author={Boureau, Y-Lan and Ponce, Jean and LeCun, Yann},
  booktitle={Proceedings of the 27th International Conference on Machine Learning},
  pages={111--118},
  year={2010}
}

@inproceedings{nair2010rectified,
  title={Rectified Linear Units Improve Restricted Boltzmann Machines},
  author={Nair, Vinod and Hinton, Geoffrey E},
  booktitle={Proceedings of the 27th International Conference on Machine Learning},
  pages={807--814},
  year={2010}
}

@inproceedings{ioffe2015batch,
  title={Batch Normalization: Accelerating Deep Network Training by Reducing Internal Covariate Shift},
  author={Ioffe, Sergey and Szegedy, Christian},
  booktitle={International Conference on Machine Learning},
  pages={448--456},
  year={2015}
}

@article{srivastava2014dropout,
  title={Dropout: A Simple Way to Prevent Neural Networks from Overfitting},
  author={Srivastava, Nitish and Hinton, Geoffrey and Krizhevsky, Alex and Sutskever, Ilya and Salakhutdinov, Ruslan},
  journal={Journal of Machine Learning Research},
  volume={15},
  number={1},
  pages={1929--1958},
  year={2014}
}

@article{simonyan2014very,
  title={Very Deep Convolutional Networks for Large-Scale Image Recognition},
  author={Simonyan, Karen and Zisserman, Andrew},
  journal={arXiv preprint arXiv:1409.1556},
  year={2014}
}

@inproceedings{szegedy2015going,
  title={Going Deeper with Convolutions},
  author={Szegedy, Christian and Liu, Wei and Jia, Yangqing and Sermanet, Pierre and Reed, Scott and Anguelov, Dragomir and Erhan, Dumitru and Vanhoucke, Vincent and Rabinovich, Andrew},
  booktitle={Proceedings of the IEEE Conference on Computer Vision and Pattern Recognition},
  pages={1--9},
  year={2015}
}

@inproceedings{he2016deep,
  title={Deep Residual Learning for Image Recognition},
  author={He, Kaiming and Zhang, Xiangyu and Ren, Shaoqing and Sun, Jian},
  booktitle={Proceedings of the IEEE Conference on Computer Vision and Pattern Recognition},
  pages={770--778},
  year={2016}
}

@inproceedings{huang2017densely,
  title={Densely Connected Convolutional Networks},
  author={Huang, Gao and Liu, Zhuang and Van Der Maaten, Laurens and Weinberger, Kilian Q},
  booktitle={Proceedings of the IEEE Conference on Computer Vision and Pattern Recognition},
  pages={4700--4708},
  year={2017}
}

@article{pan2009survey,
  title={A Survey on Transfer Learning},
  author={Pan, Sinno Jialin and Yang, Qiang},
  journal={IEEE Transactions on Knowledge and Data Engineering},
  volume={22},
  number={10},
  pages={1345--1359},
  year={2009},
  publisher={IEEE}
}

@article{deng2009imagenet,
  title={ImageNet: A Large-Scale Hierarchical Image Database},
  author={Deng, Jia and Dong, Wei and Socher, Richard and Li, Li-Jia and Li, Kai and Fei-Fei, Li},
  journal={IEEE Conference on Computer Vision and Pattern Recognition},
  pages={248--255},
  year={2009},
  publisher={IEEE}
}

@inproceedings{lin2014microsoft,
  title={Microsoft COCO: Common Objects in Context},
  author={Lin, Tsung-Yi and Maire, Michael and Belongie, Serge and Hays, James and Perona, Pietro and Ramanan, Deva and Doll{\'a}r, Piotr and Zitnick, C Lawrence},
  booktitle={European Conference on Computer Vision},
  pages={740--755},
  year={2014},
  organization={Springer}
}

@inproceedings{yosinski2014transferable,
  title={How Transferable Are Features in Deep Neural Networks?},
  author={Yosinski, Jason and Clune, Jeff and Bengio, Yoshua and Lipson, Hod},
  booktitle={Advances in Neural Information Processing Systems},
  pages={3320--3328},
  year={2014}
}

@inproceedings{girshick2014rich,
  title={Rich Feature Hierarchies for Accurate Object Detection and Semantic Segmentation},
  author={Girshick, Ross and Donahue, Jeff and Darrell, Trevor and Malik, Jitendra},
  booktitle={Proceedings of the IEEE Conference on Computer Vision and Pattern Recognition},
  pages={580--587},
  year={2014}
}

@article{wang2018deep,
  title={Deep Visual Domain Adaptation: A Survey},
  author={Wang, Mei and Deng, Weihong},
  journal={Neurocomputing},
  volume={312},
  pages={135--153},
  year={2018},
  publisher={Elsevier}
}

@article{zhuang2020comprehensive,
  title={A Comprehensive Survey on Transfer Learning},
  author={Zhuang, Fuzhen and Qi, Zhiyuan and Duan, Keyu and Xi, Dongbo and Zhu, Yongchun and Zhu, Hengshu and Xiong, Hui and He, Qing},
  journal={Proceedings of the IEEE},
  volume={109},
  number={1},
  pages={43--76},
  year={2020},
  publisher={IEEE}
}

@inproceedings{girshick2015fast,
  title={Fast R-CNN},
  author={Girshick, Ross},
  booktitle={Proceedings of the IEEE International Conference on Computer Vision},
  pages={1440--1448},
  year={2015}
}

@inproceedings{ren2015faster,
  title={Faster R-CNN: Towards Real-Time Object Detection with Region Proposal Networks},
  author={Ren, Shaoqing and He, Kaiming and Girshick, Ross and Sun, Jian},
  booktitle={Advances in Neural Information Processing Systems},
  pages={91--99},
  year={2015}
}

@inproceedings{liu2016ssd,
  title={SSD: Single Shot MultiBox Detector},
  author={Liu, Wei and Anguelov, Dragomir and Erhan, Dumitru and Szegedy, Christian and Reed, Scott and Fu, Cheng-Yang and Berg, Alexander C},
  booktitle={European Conference on Computer Vision},
  pages={21--37},
  year={2016},
  organization={Springer}
}

@inproceedings{redmon2016you,
  title={You Only Look Once: Unified, Real-Time Object Detection},
  author={Redmon, Joseph and Divvala, Santosh and Girshick, Ross and Farhadi, Ali},
  booktitle={Proceedings of the IEEE Conference on Computer Vision and Pattern Recognition},
  pages={779--788},
  year={2016}
}

@inproceedings{lin2017feature,
  title={Feature Pyramid Networks for Object Detection},
  author={Lin, Tsung-Yi and Doll{\'a}r, Piotr and Girshick, Ross and He, Kaiming and Hariharan, Bharath and Belongie, Serge},
  booktitle={Proceedings of the IEEE Conference on Computer Vision and Pattern Recognition},
  pages={2117--2125},
  year={2017}
}

@inproceedings{lin2017focal,
  title={Focal Loss for Dense Object Detection},
  author={Lin, Tsung-Yi and Goyal, Priya and Girshick, Ross and He, Kaiming and Doll{\'a}r, Piotr},
  booktitle={Proceedings of the IEEE International Conference on Computer Vision},
  pages={2980--2988},
  year={2017}
}

@article{zou2019object,
  title={Object Detection in 20 Years: A Survey},
  author={Zou, Zhengxia and Shi, Zhenwei and Guo, Yuhong and Ye, Jieping},
  journal={arXiv preprint arXiv:1905.05055},
  year={2019}
}

@inproceedings{long2015fully,
  title={Fully Convolutional Networks for Semantic Segmentation},
  author={Long, Jonathan and Shelhamer, Evan and Darrell, Trevor},
  booktitle={Proceedings of the IEEE Conference on Computer Vision and Pattern Recognition},
  pages={3431--3440},
  year={2015}
}

@inproceedings{ronneberger2015u,
  title={U-Net: Convolutional Networks for Biomedical Image Segmentation},
  author={Ronneberger, Olaf and Fischer, Philipp and Brox, Thomas},
  booktitle={International Conference on Medical Image Computing and Computer-Assisted Intervention},
  pages={234--241},
  year={2015},
  organization={Springer}
}

@inproceedings{chen2017deeplab,
  title={DeepLab: Semantic Image Segmentation with Deep Convolutional Nets, Atrous Convolution, and Fully Connected CRFs},
  author={Chen, Liang-Chieh and Papandreou, George and Kokkinos, Iasonas and Murphy, Kevin and Yuille, Alan L},
  booktitle={IEEE Transactions on Pattern Analysis and Machine Intelligence},
  volume={40},
  number={4},
  pages={834--848},
  year={2017},
  publisher={IEEE}
}

@inproceedings{he2017mask,
  title={Mask R-CNN},
  author={He, Kaiming and Gkioxari, Georgia and Doll{\'a}r, Piotr and Girshick, Ross},
  booktitle={Proceedings of the IEEE International Conference on Computer Vision},
  pages={2961--2969},
  year={2017}
}

@inproceedings{kirillov2019panoptic,
  title={Panoptic Segmentation},
  author={Kirillov, Alexander and He, Kaiming and Girshick, Ross and Rother, Carsten and Doll{\'a}r, Piotr},
  booktitle={Proceedings of the IEEE/CVF Conference on Computer Vision and Pattern Recognition},
  pages={9404--9413},
  year={2019}
}

@article{minaee2021image,
  title={Image Segmentation Using Deep Learning: A Survey},
  author={Minaee, Shervin and Boykov, Yuri and Porikli, Fatih and Plaza, Antonio and Kehtarnavaz, Nasser and Terzopoulos, Demetri},
  journal={IEEE Transactions on Pattern Analysis and Machine Intelligence},
  year={2021},
  publisher={IEEE}
}

@inproceedings{sokolova2009systematic,
  title={A Systematic Analysis of Performance Measures for Classification Tasks},
  author={Sokolova, Marina and Lapalme, Guy},
  booktitle={Information Processing \& Management},
  volume={45},
  number={4},
  pages={427--437},
  year={2009},
  organization={Elsevier}
}

@article{davis2006relationship,
  title={The Relationship Between Precision-Recall and ROC Curves},
  author={Davis, Jesse and Goadrich, Mark},
  journal={Proceedings of the 23rd International Conference on Machine Learning},
  pages={233--240},
  year={2006},
  organization={ACM}
}

@article{van1979information,
  title={Information Retrieval, 2nd edition},
  author={Van Rijsbergen, Cornelis J},
  journal={Butterworths},
  year={1979}
}

@article{stehman1997selecting,
  title={Selecting and Interpreting Measures of Thematic Classification Accuracy},
  author={Stehman, Stephen V},
  journal={Remote Sensing of Environment},
  volume={62},
  number={1},
  pages={77--89},
  year={1997},
  publisher={Elsevier}
}

@article{fawcett2006introduction,
  title={An Introduction to ROC Analysis},
  author={Fawcett, Tom},
  journal={Pattern Recognition Letters},
  volume={27},
  number={8},
  pages={861--874},
  year={2006},
  publisher={Elsevier}
}

@article{everingham2010pascal,
  title={The PASCAL Visual Object Classes (VOC) Challenge},
  author={Everingham, Mark and Van Gool, Luc and Williams, Christopher KI and Winn, John and Zisserman, Andrew},
  journal={International Journal of Computer Vision},
  volume={88},
  number={2},
  pages={303--338},
  year={2010},
  publisher={Springer}
}

@article{jaccard1912distribution,
  title={The Distribution of the Flora in the Alpine Zone},
  author={Jaccard, Paul},
  journal={New Phytologist},
  volume={11},
  number={2},
  pages={37--50},
  year={1912},
  publisher={Wiley Online Library}
}

@article{dice1945measures,
  title={Measures of the Amount of Ecologic Association Between Species},
  author={Dice, Lee R},
  journal={Ecology},
  volume={26},
  number={3},
  pages={297--302},
  year={1945},
  publisher={Wiley Online Library}
}

@inproceedings{csurka2013good,
  title={What is a Good Evaluation Measure for Semantic Segmentation?},
  author={Csurka, Gabriela and Larlus, Diane and Perronnin, Florent},
  booktitle={British Machine Vision Conference},
  volume={27},
  pages={10--5244},
  year={2013}
}

@inproceedings{perazzi2016benchmark,
  title={A Benchmark Dataset and Evaluation Methodology for Video Object Segmentation},
  author={Perazzi, Federico and Pont-Tuset, Jordi and McWilliams, Brian and Van Gool, Luc and Gross, Markus and Sorkine-Hornung, Alexander},
  booktitle={Proceedings of the IEEE Conference on Computer Vision and Pattern Recognition},
  pages={724--732},
  year={2016}
}

@article{taha2015metrics,
  title={Metrics for Evaluating 3D Medical Image Segmentation: Analysis, Selection, and Tool},
  author={Taha, Abdel Aziz and Hanbury, Allan},
  journal={BMC Medical Imaging},
  volume={15},
  number={1},
  pages={29},
  year={2015},
  publisher={BioMed Central}
}

@article{russakovsky2015imagenet,
  title={ImageNet Large Scale Visual Recognition Challenge},
  author={Russakovsky, Olga and Deng, Jia and Su, Hao and Krause, Jonathan and Satheesh, Sanjeev and Ma, Sean and Huang, Zhiheng and Karpathy, Andrej and Khosla, Aditya and Bernstein, Michael and others},
  journal={International Journal of Computer Vision},
  volume={115},
  number={3},
  pages={211--252},
  year={2015},
  publisher={Springer}
}

@inproceedings{cordts2016cityscapes,
  title={The Cityscapes Dataset for Semantic Urban Scene Understanding},
  author={Cordts, Marius and Omran, Mohamed and Ramos, Sebastian and Rehfeld, Timo and Enzweiler, Markus and Benenson, Rodrigo and Franke, Uwe and Roth, Stefan and Schiele, Bernt},
  booktitle={Proceedings of the IEEE Conference on Computer Vision and Pattern Recognition},
  pages={3213--3223},
  year={2016}
}

@inproceedings{geiger2013vision,
  title={Vision Meets Robotics: The KITTI Dataset},
  author={Geiger, Andreas and Lenz, Philip and Stiller, Christoph and Urtasun, Raquel},
  booktitle={The International Journal of Robotics Research},
  volume={32},
  number={11},
  pages={1231--1237},
  year={2013},
  publisher={SAGE Publications Sage UK: London, England}
}

@article{setio2017validation,
  title={Validation, Comparison, and Combination of Algorithms for Automatic Detection of Pulmonary Nodules in Computed Tomography Images: The LUNA16 Challenge},
  author={Setio, Arnaud Arindra Adiyoso and Traverso, Alberto and De Bel, Thomas and Berens, Moira SN and van den Bogaard, Cas and Cerello, Piergiorgio and Chen, Hao and Dou, Qi and Fantacci, Maria Evelina and Geurts, Bram and others},
  journal={Medical Image Analysis},
  volume={42},
  pages={1--13},
  year={2017},
  publisher={Elsevier}
}

@inproceedings{wang2017chestx,
  title={ChestX-ray8: Hospital-scale Chest X-ray Database and Benchmarks on Weakly-Supervised Classification and Localization of Common Thorax Diseases},
  author={Wang, Xiaosong and Peng, Yifan and Lu, Le and Lu, Zhiyong and Bagheri, Mohammadhadi and Summers, Ronald M},
  booktitle={Proceedings of the IEEE Conference on Computer Vision and Pattern Recognition},
  pages={2097--2106},
  year={2017}
}

@article{canziani2016analysis,
  title={An Analysis of Deep Neural Network Models for Practical Applications},
  author={Canziani, Alfredo and Paszke, Adam and Culurciello, Eugenio},
  journal={arXiv preprint arXiv:1605.07678},
  year={2016}
}

@inproceedings{howard2017mobilenets,
  title={MobileNets: Efficient Convolutional Neural Networks for Mobile Vision Applications},
  author={Howard, Andrew G and Zhu, Menglong and Chen, Bo and Kalenichenko, Dmitry and Wang, Weijun and Weyand, Tobias and Andreetto, Marco and Adam, Hartwig},
  booktitle={arXiv preprint arXiv:1704.04861},
  year={2017}
}

@inproceedings{han2016eie,
  title={EIE: Efficient Inference Engine on Compressed Deep Neural Network},
  author={Han, Song and Liu, Xingyu and Mao, Huizi and Pu, Jing and Pedram, Ardavan and Horowitz, Mark A and Dally, William J},
  booktitle={ACM SIGARCH Computer Architecture News},
  volume={44},
  number={3},
  pages={243--254},
  year={2016},
  organization={IEEE Press}
}

@article{huang2017speed,
  title={Speed/Accuracy Trade-offs for Modern Convolutional Object Detectors},
  author={Huang, Jonathan and Rathod, Vivek and Sun, Chen and Zhu, Menglong and Korattikara, Anoop and Fathi, Alireza and Fischer, Ian and Wojna, Zbigniew and Song, Yang and Guadarrama, Sergio and others},
  journal={Proceedings of the IEEE Conference on Computer Vision and Pattern Recognition},
  pages={7310--7319},
  year={2017}
}

@inproceedings{hendrycks2019benchmarking,
  title={Benchmarking Neural Network Robustness to Common Corruptions and Perturbations},
  author={Hendrycks, Dan and Dietterich, Thomas},
  booktitle={International Conference on Learning Representations},
  year={2019}
}

@inproceedings{sun2019improving,
  title={Improving Domain Generalization for Face Anti-spoofing},
  author={Sun, Ke and Qian, Yi and Zhang, Juan and Lin, Xiao-Bai},
  booktitle={IEEE Transactions on Information Forensics and Security},
  volume={16},
  pages={1582--1593},
  year={2019},
  organization={IEEE}
}

@inproceedings{li2017deeper,
  title={Deeper, Broader and Artier Domain Generalization},
  author={Li, Da and Yang, Yongxin and Song, Yi-Zhe and Hospedales, Timothy M},
  booktitle={Proceedings of the IEEE International Conference on Computer Vision},
  pages={5542--5550},
  year={2017}
}

@inproceedings{wang2017learning,
  title={Learning from Synthetic Data: Addressing Domain Shift for Semantic Segmentation},
  author={Wang, Yi and Liu, Xin and Li, Bo and Yu, Shumin and Fu, Tianwei and He, Junzhou and Yu, Yunqi and Lu, Guangyuan and Zhou, Lei},
  booktitle={Proceedings of the IEEE Conference on Computer Vision and Pattern Recognition},
  pages={3752--3761},
  year={2017}
}

@article{voulodimos2018deep,
  title={Deep Learning for Computer Vision: A Brief Review},
  author={Voulodimos, Athanasios and Doulamis, Nikolaos and Doulamis, Anastasios and Protopapadakis, Eftychios},
  journal={Computational Intelligence and Neuroscience},
  volume={2018},
  year={2018},
  publisher={Hindawi}
}

@article{wang2017combining,
  title={Combining Learned and Analytical Models for Predicting Action Effects from Sensory Data},
  author={Wang, Zhikun and Meier, Franziska and Schubert, Roberto and Rozo, Leonel and Toussaint, Marc and Bohg, Jeannette},
  journal={The International Journal of Robotics Research},
  publisher={SAGE Publications Sage UK: London, England},
  year={2017}
}

@article{karpatne2017theory,
  title={Theory-guided Data Science: A New Paradigm for Scientific Discovery from Data},
  author={Karpatne, Anuj and Atluri, Gowtham and Faghmous, James H and Steinbach, Michael and Banerjee, Arindam and Ganguly, Auroop and Shekhar, Shashi and Samatova, Nagiza and Kumar, Vipin},
  journal={IEEE Transactions on Knowledge and Data Engineering},
  volume={29},
  number={10},
  pages={2318--2331},
  year={2017},
  publisher={IEEE}
}

@article{samek2017explainable,
  title={Explainable Artificial Intelligence: Understanding, Visualizing and Interpreting Deep Learning Models},
  author={Samek, Wojciech and Wiegand, Thomas and M{\"u}ller, Klaus-Robert},
  journal={arXiv preprint arXiv:1708.08296},
  year={2017}
}

@article{rudin2019stop,
  title={Stop Explaining Black Box Machine Learning Models for High Stakes Decisions and Use Interpretable Models Instead},
  author={Rudin, Cynthia},
  journal={Nature Machine Intelligence},
  volume={1},
  number={5},
  pages={206--215},
  year={2019},
  publisher={Nature Publishing Group}
}

@inproceedings{ribeiro2016should,
  title={Why Should I Trust You?: Explaining the Predictions of Any Classifier},
  author={Ribeiro, Marco Tulio and Singh, Sameer and Guestrin, Carlos},
  booktitle={Proceedings of the 22nd ACM SIGKDD International Conference on Knowledge Discovery and Data Mining},
  pages={1135--1144},
  year={2016},
  organization={ACM}
}

@inproceedings{adebayo2018sanity,
  title={Sanity Checks for Saliency Maps},
  author={Adebayo, Julius and Gilmer, Justin and Muelly, Michael and Goodfellow, Ian and Hardt, Moritz and Kim, Been},
  booktitle={Advances in Neural Information Processing Systems},
  pages={9505--9515},
  year={2018}
}

@article{tang2014feature,
  title={Feature Selection for Classification: A Review},
  author={Tang, Jiliang and Alelyani, Salem and Liu, Huan},
  journal={Data Classification: Algorithms and Applications},
  pages={37},
  year={2014},
  publisher={CRC Press}
}

@inproceedings{rublee2011orb,
  title={ORB: An Efficient Alternative to SIFT or SURF},
  author={Rublee, Ethan and Rabaud, Vincent and Konolige, Kurt and Bradski, Gary},
  booktitle={2011 International Conference on Computer Vision},
  pages={2564--2571},
  year={2011},
  organization={IEEE}
}

@inproceedings{han2016deep,
  title={Deep Compression: Compressing Deep Neural Networks with Pruning, Trained Quantization and Huffman Coding},
  author={Han, Song and Mao, Huizi and Dally, William J},
  booktitle={International Conference on Learning Representations},
  year={2016}
}

@inproceedings{suleiman2017towards,
  title={Towards Efficient Processing of Deep Neural Networks: A Survey},
  author={Suleiman, Amr and Yu-Hsin, Chen and Emer, Joel and Sze, Vivienne},
  booktitle={2019 IEEE International Symposium on Circuits and Systems (ISCAS)},
  pages={1--5},
  year={2019},
  organization={IEEE}
}

@article{mikolajczyk2005performance,
  title={A Performance Evaluation of Local Descriptors},
  author={Mikolajczyk, Krystian and Schmid, Cordelia},
  journal={IEEE Transactions on Pattern Analysis and Machine Intelligence},
  volume={27},
  number={10},
  pages={1615--1630},
  year={2005},
  publisher={IEEE}
}

@article{visualData2024,
  title={The State of Visual Content: Analysis of Global Image and Video Consumption Trends},
  author={Garcia, Maria and Johnson, Robert and Zhang, Wei},
  journal={Journal of Digital Media Research},
  volume={42},
  number={1},
  pages={15--28},
  year={2024},
  publisher={Digital Media Association}
}

@article{medicalImaging2023,
  title={Deep Learning Applications in Medical Imaging: A Comprehensive Review},
  author={Patel, Anita and Williams, James and Chen, Li},
  journal={Nature Medicine Technology},
  volume={5},
  number={3},
  pages={285--310},
  year={2023},
  publisher={Nature Publishing Group}
}